@inproceedings{fenning2014applicability,
  title={Applicability of SSM and UML for Designing a Search Application for the British Broadcasting Corporation (BBC)},
  author={Fenning, Ross and Dogan, Huseyin and Phalp, Keith},
  booktitle={Enterprise, Business-Process, and Information Systems Modelling},
  year={2014},
  organization={EMMSAD}
}
@book{hohpe2004enterprise,
  title={Enterprise integration patterns: Designing, building, and deploying messaging solutions},
  author={Hohpe, Gregor and Woolf, Bobby},
  year={2004},
  publisher={Addison-Wesley Professional}
}
@article{bizer2009linked,
  title={Linked data-the story so far},
  author={Bizer, Christian and Heath, Tom and Berners-Lee, Tim},
  journal={International journal on semantic web and information systems},
  volume={5},
  number={3},
  pages={1--22},
  year={2009}
}
@article{berners2001semantic,
  title={The semantic web},
  author={Berners-Lee, Tim and Hendler, James and Lassila, Ora and others},
  journal={Scientific american},
  volume={284},
  number={5},
  pages={28--37},
  year={2001},
  publisher={New York, NY, USA:}
}
